@string{POT = "Proceedings of the"}
@string{POTAS = "Proceedings of the {ACM} {SIGPLAN}"}

@string{PLDI = "Conference on Programming Language Design and Implementation"}
@string{SIGPLAN92 = POTAS # " 1992 " # PLDI}
@string{SIGPLAN94 = POTAS # " 1994 " # PLDI}
@string{SIGPLAN95 = POTAS # " 1995 " # PLDI}
@string{SIGPLAN96 = POTAS # " 1996 " # PLDI}
@string{SIGPLAN00 = POTAS # " 2000 " # PLDI}
@string{SIGPLAN02 = POTAS # " 2002 " # PLDI}
@string{SIGPLAN03 = POTAS # " 2003 " # PLDI}
@string{SIGPLAN04 = POTAS # " 2004 " # PLDI}
 
@string{POPL = "Annual Symposium on Principles of Programming Languages"}
@string{POPL94 = POT # " 21st " # POPL}
@string{POPL02 = POT # " 29th " # POPL}
@string{POPL05 = POT # " 32nd " # POPL}
 
@string{ICSE = "International Conference on Software Engineering"}
@string{ICSE04 = POT # " 26th " # ICSE }

@inproceedings{massalin:asplos87,
	AUTHOR = "Henry Massalin",
	TITLE = "Superoptimizer: A Look at the Smallest Program",
	booktitle= "ASPLOS '87: Proceedings of the Second International Conference on Architectural Support for Programming Languages and Operating Systems",
	PAGES = {122-126},
	YEAR = {1987}	}

@misc{icc:software,
	TITLE = "Intel {C}++ {C}ompiler 9.0",
	howpublished = "\\{\tt http://www.intel.com/software/products/compilers/clin}",
	key = "Intel {C}++ {C}ompiler 9.0"
}

@misc{gcc:software,
	title = "GNU Compiler Collection ({\texttt gcc})",
	howpublished = "\\{\tt http://gcc.gnu.org}",
	key = "GNU Compiler Collection ({\texttt gcc})"
}

@inproceedings{ gso:pldi92,
  author = "{Torbj\"orn} Granlund and Richard Kenner",
  title = "Eliminating branches using a superoptimizer and the {\small {GNU}} {C} compiler",
  booktitle = "PLDI '92: Proceedings of the {ACM} {SIGPLAN} Conference on Programming Language Design and Implementation",
  journal = "SIGPLAN Notices",
  volume = "27",
  number = "7",
  month = "June",
  pages = "341--352",
  year = "1992",
  url = "citeseer.ist.psu.edu/granlund92eliminating.html" }

@inproceedings{ denali:pldi02,
  author = "Rajeev Joshi and Greg Nelson and Keith H. Randall",
  title = "Denali: A Goal-directed Superoptimizer",
  booktitle = "PLDI '02: Proceedings of the {ACM} {SIGPLAN} Conference on Programming Language Design and Implementation",
  journal = "SIGPLAN Notices",
  PAGES = {304-314},
  month = "June",
  address = "Berlin, Germany",
  year = "2002"}

@article{ codeselection:toplas84,
  author = "J.W. Davidson and C.W. Fraser",
  title = "Code Selection through Object Code Optimization",
  journal = "ACM Transactions on Programming Languages and Systems (TOPLAS)",
  volume = "6",
  number = "4",
  PAGES = {505-526},
  year = "1984",
  url = "http://citeseer.ifi.unizh.ch/context/1043971/0"}

@inproceedings{ portable_optimizer:sigplan88,
  author = "M. E. Benitez and J. W. Davidson",
  title = "A Portable Global Optimizer and Linker",
  booktitle = "Proceedings of the {SIGPLAN} '88 " # PLDI,
  PAGES = {329-338},
  YEAR = {1988} }

@inproceedings{ zhang:zchaff,
    author = "Lintao Zhang and Conor F. Madigan and Matthew W. Moskewicz and Sharad Malik",
    title = "Efficient Conflict Driven Learning in Boolean Satisfiability Solver",
    booktitle = "{ICCAD '01: Proceedings of the International Conference on Computer-Aided Design}",
    pages = "279-285",
    month = "November",
    year = "2001",
    url = "citeseer.ist.psu.edu/article/zhang01efficient.html" }


@inproceedings{ moskewicz:chaff,
      author = "Matthew W. Moskewicz and Conor F. Madigan and Ying Zhao and Lintao Zhang and Sharad Malik",
      title = "{Chaff: Engineering an Efficient {SAT} Solver}",
      booktitle = "{DAC}'01: Proceedings of the 38th Design Automation Conference",
      year = "2001",
      pages = "530-535",
      url = "citeseer.ist.psu.edu/moskewicz01chaff.html" }

@misc{ocaml:software,
  	AUTHOR = "X. Leroy and D. Doligez and J. Garrigue and J. Vouillon",
	TITLE = "The {O}bjective {C}aml System",
	howpublished = "\\{\tt http://caml.inria.fr}",
	key = "The {O}bjective {C}aml System"
}

@inproceedings{ anckaert:diablo,
  	AUTHOR = "Bertrand Anckaert and Frederick Vandeputte and Bruno De Bus and Bjorn De Sutter and Koen De Bosschere",
	TITLE = "Link-Time Optimization of {I}{A}64 Binaries",
	booktitle = "Proceedings of the 10th International Euro-par Conference",
	PAGES = {211-220},
	YEAR = "2004"
}

@inproceedings{ vanput:diablo,
  	AUTHOR = "L. Van Put and D. Chanet and B. De Bus and B. De Sutter and K. De Bosschere",
	TITLE = "DIABLO: a reliable, retargetable and extensible link-time rewriting framework",
	booktitle = "Proceedings of the 2005 IEEE International Symposium on Signal Processing and Information Technology",
	PAGES = {7-12},
	YEAR = "2005"
}

@misc{ spec:cint2000_web,
 title = "{S}tandard {P}erformance {E}valuation {C}orporation Integer Benchmarks",
 howpublished = "\\{\tt http://www.spec.org/cpu/CINT2000/}",
 key = "{S}tandard {P}erformance {E}valuation {C}orporation Integer Benchmarks"
}

@article{ spec:cint2000,
  author = {John L. Henning},
  title = {{S}{P}{E}{C} {C}{P}{U}2000: Measuring {C}{P}{U} performance in the new millenium},
  journal = {IEEE Computer},
  volume = {33},
  number = {7},
  pages = {28-35},
  year = {2000},
  month = {July},
}

@misc{ superopt_online:web06,
 title = "Superoptimizer Prototype",
 howpublished = "\\{\tt http://cs.stanford.edu/$\sim$sbansal/superoptimizer/}",
 key = "Superoptimizer Prototype"
 }

@inproceedings{bansal:asplos06,
  author    = {Sorav Bansal and Alex Aiken},
  title     = {Automatic generation of peephole superoptimizers.},
  booktitle = {ASPLOS '06: Proceedings of the 12th International Conference on Architectural Support for Programming Languages and Operating Systems},
  year      = {October 21-25, 2006},
  pages     = {394-403},
}

@misc{ apple:company,
  title = "{A}pple {C}omputer, {I}nc.",
  howpublished = "\\{\tt http://www.apple.com}",
  key = "{A}pple {C}omputer, {I}nc."
}

@misc{ rosetta:software,
  title = "{A}pple {R}osetta",
  howpublished = "\\{\tt http://www.apple.com/rosetta/}",
  key = "{A}pple {R}osetta."
}

@misc{ qemu:software,
  title = "{Q}emu: open source processor emulator",
  howpublished = "\\{\tt http://fabrice.bellard.free.fr/qemu/}",
  key = "{Q}emu: open source processor emulator"
}

@misc{unixbench,
  title = "{U}nixbench: {BYTE UNIX} benchmark suite",
  howpublished = "\\{\tt http://code.google.com/p/byte-unixbench/}",
  key = "{U}nixbench: {BYTE UNIX} benchmark suite"
}

@misc{ ardi_executor:software,
  title = "{E}xecutor by {ARDI}",
  howpublished = "\\{\tt http://en.wikipedia.org/wiki/\\Executor\_(software)}",
  key = "{E}xecutor by {ARDI}"
}

@misc{ sun_wabi:software,
  title = "{S}un{S}oft {W}abi",
  howpublished = "\\{\tt http://www.sun.com/sunsoft/\\Products/PC-Integration-products/}",
  key = "{S}un{S}oft {W}abi"
}

@misc{ vmware:company,
  title = "{V}m{W}are Inc.",
  howpublished = "\\{\tt http://www.vmware.com/}",
  key = "{V}m{W}are Inc."
}

@misc{ vmware:workstation,
  title = "{V}{M}ware {W}orkstation",
  howpublished = "\\{\tt http://www.vmware.com/products/workstation}",
  key = "{V}{M}ware {W}orkstation"
}

@inproceedings{adams:asplos06,
	author = {Adams, Keith and Agesen, Ole},
	title = {A comparison of software and hardware techniques for x86 virtualization},
	booktitle = {ASPLOS '06: Proceedings of the 12th international conference on Architectural support for programming languages and operating systems},
	year = {2006},
	isbn = {1-59593-451-0},
	pages = {2--13},
	location = {San Jose, California, USA},
	doi = {http://doi.acm.org/10.1145/1168857.1168860},
	publisher = {ACM},
	address = {New York, NY, USA},
}

@inproceedings{xenserver,
	author = {Barham, Paul and Dragovic, Boris and Fraser, Keir and Hand, Steven and Harris, Tim and Ho, Alex and Neugebauer, Rolf and Pratt, Ian and Warfield, Andrew},
	title = {Xen and the art of virtualization},
	booktitle = {SOSP '03: Proceedings of the nineteenth ACM Symposium on Operating Systems Principles},
	year = {2003},
	isbn = {1-58113-757-5},
	pages = {164--177},
	location = {Bolton Landing, NY, USA},
	doi = {http://doi.acm.org/10.1145/945445.945462},
	publisher = {ACM},
	address = {New York, NY, USA},
}

@inproceedings{bellard,
	author    = {Fabrice Bellard},
	title     = {QEMU, a Fast and Portable Dynamic Translator},
	booktitle = {USENIX Annual Technical Conference, FREENIX Track},
	year      = {2005},
	pages     = {41-46},
	ee        = {http://www.usenix.org/events/usenix05/tech/freenix/bellard.html},
	bibsource = {DBLP, http://dblp.uni-trier.de}
}

@article{superpages,
	author = {Navarro, Juan and Iyer, Sitararn and Druschel, Peter and Cox, Alan},
	title = {Practical, transparent operating system support for superpages},
	journal = {SIGOPS Oper. Syst. Rev.},
	volume = {36},
	number = {SI},
	year = {2002},
	issn = {0163-5980},
	pages = {89--104},
	doi = {http://doi.acm.org/10.1145/844128.844138},
	publisher = {ACM},
	address = {New York, NY, USA},
}




@misc{ transitive:company,
  title = "{T}ransitive {T}echnologies",
  howpublished = "\\{\tt http://www.transitive.com/}",
  key = "{T}ransitive {T}echnologies"
}

@misc{ transitive_performance_claim,
  title = "{Q}uick{T}ransit for {P}ower-to-{X}86",
  howpublished = "\\{\tt http://transitive.com/products/pow\_x86.htm}",
  key = "{Q}uick{T}ransit for {P}ower-to-{X}86"
}

@misc{ azul_systems:company,
  title = "{A}zul {S}ystems",
  howpublished = "\\{\tt http://www.azulsystems.com/}",
  key = "{A}zul {S}ystems"
}

@misc{ vmware_transitive,
  title = "{S}erver Consolidation and Containment with {V}{M}ware {V}irtual {I}nfrastructure and {T}ransitive",
  howpublished = "\\{\tt http://www.transitive.com/pdf/\\VMwareTransitiveSolutionBrief.pdf}",
  key = "Server Consolidation and Containment with {V}{M}ware {V}irtual {I}nfrastructure and {T}ransitive"
}

@article{ transmeta_crusoe_power:chip,
  author = "Tom Halfhill",
  title = "Transmeta breaks x86 low-power barrier",
  journal = "Microprocessor Report",
  month = "February",
  year = "2000"
}

@techreport{ transmeta_crusoe:chip,
  author = "Alex Klaiber",
  title = "The technology behind {C}rusoe processors",
  month = "January",
  year = "2000",
  URL = "{\tt http://www.transmeta.com}",
  institution = "Transmeta Corp."
}

@inproceedings{ ebcioglu97daisy,
  author = "Kemal Ebcioglu and Erik R. Altman",
  title = "{DAISY}: Dynamic Compilation for 100\% Architectural Compatibility",
  booktitle = "{ISCA '97: Proceedings of the 24th International Symposium on Computer Architecture}",
  pages = "26-37",
  year = "1997",
  url = "citeseer.ist.psu.edu/ebcioglu97daisy.html"
}

@article{ bala00dynamo,
  author = "Vasanth Bala and Evelyn Duesterwald and Sanjeev Banerjia",
  title = "{Dynamo}: a transparent dynamic optimization system",
  journal = "ACM SIG{\-}PLAN Notices",
  volume = "35",
  number = "5",
  pages = "1--12",
  year = "2000",
  url = "citeseer.ist.psu.edu/bala00dynamo.html"
}

@article{ chernoff98fx,
  author = "Anton Chernoff and Mark Herdeg and Ray Hookway and Chris Reeve and Norman Rubin and Tony Tye and S. Bharadwaj Yadavalli and John Yates",
  title = "{FX!32}: {A} Profile-Directed Binary Translator",
  journal = "IEEE Micro",
  volume = "18",
  number = "2",
  month = "Mar/Apr",
  pages = "56--64",
  year = "1998",
  url = "citeseer.ist.psu.edu/chernoff98fx.html"
}

@inproceedings{ yang99latte,
  author = "Byung-Sun Yang and Soo-Mook Moon and Seongbae Park and Junpyo Lee and SeungIl Lee and Jinpyo Park and Yoo C. Chung and Suhyun Kim and Kemal Ebcioglu and Erik R. Altman",
  title = "La{T}{T}e: A {J}ava {VM} Just-In-Time Compiler with Fast and Efficient Register Allocation",
  booktitle = "PACT '99: Proceedings of the International Conference on Parallel Architecture and Compilation Techniques",
  pages = "128-138",
  year = "1999",
  url = "citeseer.ist.psu.edu/yang99latte.html"
}

@inproceedings{ gschwind00binary,
  author = "Michael Gschwind and Kemal Ebcio{\u{g}}lu and Erik Altman and Sumedh Sathaye",
  title = "Binary translation and architecture convergence issues for {IBM System\slash 390}",
  booktitle = "Conference proceedings of the 2000 International Conference on Supercomputing: Santa Fe, New Mexico, May 8--11, 2000 [{ICS} '00]",
  publisher = "ACM Press",
  address = "New York, NY, USA",
  isbn = "1-58113-270-0",
  pages = "336--347",
  year = "2000",
  url = "citeseer.ist.psu.edu/gschwind00binary.html"
}

@article{373592,
  author = {Michael Gschwind and Erik Altman},
  title = {Optimization and precise exceptions in dynamic compilation},
  journal = {SIGARCH Comput. Archit. News},
  volume = {29},
  number = {1},
  year = {2001},
  issn = {0163-5964},
  pages = {66--74},
  doi = {http://doi.acm.org/10.1145/373574.373592},
  publisher = {ACM Press},
  address = {New York, NY, USA},
}

@inproceedings{ witchel96embra,
  author = "Emmett Witchel and Mendel Rosenblum",
  title = "Embra: Fast and Flexible Machine Simulation",
  booktitle = "Proceedings of the {ACM} {SIGMETRICS} conference on Measurement and Modeling of Computer Systems",
  pages = "68-79",
  year = "1996",
  url = "citeseer.ist.psu.edu/article/witchel96embra.html"
}

@inproceedings{ ung00machineadaptable,
  author = "David Ung and Cristina Cifuentes",
  title = "Machine-adaptable dynamic binary translation",
  booktitle = "Dynamo '00: ACM SIGPLAN Workshop on Dynamic and Adaptive Compilation and Optimization",
  pages = "41-51",
  year = "2000",
  url = "citeseer.ist.psu.edu/ung00machineadaptable.html"
}

@phdthesis{bruening04thesis,
  author = "Derek Bruening",
  title = "Efficient, Transparent and Comprehensive Runtime Code Manipulation",
  school = "Massachusetts Institute of Technology",
  year = "2004"
}

@phdthesis{bansal08thesis,
  author = "Sorav Bansal",
  title = "Peephole Superoptimization",
  school = "Stanford University",
  year = "2008"
}

@article{ davidson89quick,
  author = "Jack W. Davidson and David B. Whalley",
  title = "Quick Compilers Using Peephole Optimization",
  journal = "Software - Practice and Experience",
  volume = "19",
  number = "1",
  pages = "79-97",
  year = "1989",
  url = "citeseer.ist.psu.edu/davidson89quick.html" }

@article{ davidson87auto,
  author = "Jack W. Davidson and C.W. Fraser",
  title = "Automatic Inference and Fast Interpretation of Peephole Optimization Rules",
  journal = "Software - Practice and Experience",
  volume = "17",
  pages = "801-812",
  month="November",
  year = "1987"}

@article{ lamb81construction,
  author = "D.A. Lamb",
  title = "Construction of a Peephole Optimizer",
  journal = "Software - Practice and Experience",
  volume = "11",
  pages = "639-647",
  month="June",
  year = "1981"}


@inproceedings{ scott01strata,
  author = "Kevin Scott and Jack Davidson",
  title = "Strata: {A} Software Dynamic Translation Infrastructure",
  booktitle = "IEEE Workshop on Binary Translation",
  year = {2001}}
  
@misc{ IBMpowervmlx86,
  TITLE = "{P}ower{V}{M} {L}x86 for x86 {L}inux applications",
  howpublished = "\\{\tt http://www.ibm.com/developerworks/linux/\\lx86/index.html}",
  key = "{P}ower{V}{M} {L}x86 for x86 {L}inux applications"
}

@misc{ kvm_ppc_exittimings,
	TITLE = "{K}{V}{M} {P}ower{P}{C}: {A}bout exit timing",
	howpublished = "\\{\tt http:///www.linux-kvm.org/page/PowerPC\_Exittimings}",
	key = "{K}{V}{M} {P}ower{P}{C}: {A}bout exit timing"
}

@article{ popekgoldberg,
	author = {Popek, Gerald J. and Goldberg, Robert P.},
	title  = {Formal requirements for virtualizable third generation architectures},
	journal = {Commun. ACM},
	volume = {17},
	number = {7},
	year = {1974},
	issn = {0001-0782},
	pages = {412--421},
	publisher = {ACM},
	address = {New York, NY, USA},
}

@inproceedings{ bansal:osdi08,
	author = {Sorav Bansal and Alex Aiken},
	title  = {Binary Translation Using Peephole Superoptimizers},
	booktitle = {OSDI '08: Proceedings of the 8th conference on Symposium on Operating Systems Design \& Implementation},
	year = {2008},
	pages = {177-192},
}

@misc{ bansal:cloudfutures_abstract,
	author = {Sorav Bansal},
	title = {Looking Inside the Virtualization Layer for Performance, Security and Software Fault Tolerance},
	howpublished = "\\{\tt http://www.cse.iitd.ernet.in/$\sim$sbansal/pubs/cloudfutures2010\_abstract.pdf}",
	key = {Looking Inside the Virtualization Layer for Performance, Security and Software Fault Tolerance}
}

@misc{ virtio,
	TITLE = "{L}ibvirt {V}irtualization {A}{P}{I}: {V}irt{I}{O}",
	howpublished = "\\{\tt http://wiki.livirt.org/page/{V}irtio}",
	key = "{L}ibvirt {V}irtualization {A}{P}{I}: {V}irt{I}{O}"
}

@inproceedings{sugerman,
	author    = {Jeremy Sugerman and
		Ganesh Venkitachalam and
			Beng-Hong Lim},
	title     = {Virtualizing I/O Devices on VMware Workstation's Hosted
		Virtual Machine Monitor},
	booktitle = {USENIX Annual Technical Conference, General Track},
	year      = {2001},
	pages     = {1-14},
	ee        = {http://www.usenix.org/publications/library/proceedings/usenix01/sugerman.html},
	bibsource = {DBLP, http://dblp.uni-trier.de}
}

@inproceedings{waldspurger,
	author    = {Carl A. Waldspurger},
	title     = {Memory Resource Management in VMware ESX Server},
	booktitle = {OSDI '02: Proceedings of the 5th conference on Symposium on Operating Systems Design \& Implementation},
	year      = {2002},
	ee        = {http://www.usenix.org/events/osdi02/tech/waldspurger.html},
	bibsource = {DBLP, http://dblp.uni-trier.de}
}

@misc{ hugeTLB,
	TITLE = {{H}uge{T}{L}{B} - Large Page Support in the Linux Kernel},
	howpublished = "\\{\tt http://linuxgazette.net/155/krishnakumar.html}",
	key = {{H}uge{T}{L}{B} - Large Page Support in the Linux Kernel}
}

@inproceedings{acceptability_oriented_computing,
	author = {Rinard, Martin},
	title = {Acceptability-oriented computing},
	booktitle = {OOPSLA '03: Companion of the 18th annual ACM SIGPLAN conference on Object-oriented programming, systems, languages, and applications},
	year = {2003},
	isbn = {1-58113-751-6},
	pages = {221--239},
	location = {Anaheim, CA, USA},
	doi = {http://doi.acm.org/10.1145/949344.949402},
	publisher = {ACM},
	address = {New York, NY, USA},
}

@inproceedings{failure_oblivious_computing,
	author = {Rinard, Martin and Cadar, Cristian and Dumitran, Daniel and Roy, Daniel M. and Leu, Tudor and Beebee,Jr., William S.},
	title = {Enhancing server availability and security through failure-oblivious computing},
	booktitle = {OSDI '04: Proceedings of the 6th conference on Symposium on Operating Systems Design \& Implementation},
	year = {2004},
	pages = {21--21},
	location = {San Francisco, CA},
	publisher = {USENIX Association},
	address = {Berkeley, CA, USA},
}

@inproceedings{clearview,
	author = {Jeff H. Perkins and Sunghun Kim and Sam Larsen and Saman
		Amarasinghe and Jonathan Bachrach and Michael Carbin and Carlos
			Pacheco and Frank Sherwood and Stelios Sidiroglou and Greg
			Sullivan and Weng-Fai Wong and Yoav Zibin and Michael D. Ernst and
			Martin Rinard},
	title = {Automatically patching errors in deployed software},
	booktitle = {SOSP '09: Proceedings of the 21st ACM Symposium on Operating Systems
		Principles},
	pages = {87-102},
	address = {Big Sky, MT, USA},
	month = {October~12--14,},
	year = {2009}
}

@inproceedings{program_shepherding,
	author = {Vladimir Kiriansky and Derek Bruening and Saman Amarasinghe},
	title = {Secure Execution Via Program Shepherding},
	booktitle = {In Proceedings of the 11th USENIX Security Symposium},
	year = {2002},
	pages = {191--206}
}

@article{microreboots,
	author = {Candea, George and Cutler, James and Fox, Armando},
	title = {Improving availability with recursive microreboots: a soft-state system case study},
	journal = {Perform. Eval.},
	volume = {56},
	number = {1-4},
	year = {2004},
	issn = {0166-5316},
	pages = {213--248},
	doi = {http://dx.doi.org/10.1016/j.peva.2003.07.007},
	publisher = {Elsevier Science Publishers B. V.},
	address = {Amsterdam, The Netherlands, The Netherlands},
}

@article{coredet,
	author = {Bergan, Tom and Anderson, Owen and Devietti, Joseph and Ceze, Luis and Grossman, Dan},
	title = {CoreDet: a compiler and runtime system for deterministic multithreaded execution},
	journal = {SIGPLAN Not.},
	volume = {45},
	number = {3},
	year = {2010},
	issn = {0362-1340},
	pages = {53--64},
	doi = {http://doi.acm.org/10.1145/1735971.1736029},
	publisher = {ACM},
	address = {New York, NY, USA},
}

@article{dmp,
	author = {Joseph Devietti and Brandon Lucia and Luis Ceze and Mark Oskin},
	title = {DMP: Deterministic Shared-Memory Multiprocessing},
	journal ={IEEE Micro},
	volume = {30},
	issn = {0272-1732},
	year = {2010},
	pages = {40-49},
	doi = {http://doi.ieeecomputersociety.org/10.1109/MM.2010.14},
	publisher = {IEEE Computer Society},
	address = {Los Alamitos, CA, USA},
}

@inproceedings{pres,
	author = {Park, Soyeon and Zhou, Yuanyuan and Xiong, Weiwei and Yin, Zuoning and Kaushik, Rini and Lee, Kyu H. and Lu, Shan},
	title = {PRES: probabilistic replay with execution sketching on multiprocessors},
	booktitle = {SOSP '09: Proceedings of the ACM SIGOPS 22nd Symposium on Operating Systems Principles},
	year = {2009},
	isbn = {978-1-60558-752-3},
	pages = {177--192},
	location = {Big Sky, Montana, USA},
	doi = {http://doi.acm.org/10.1145/1629575.1629593},
	publisher = {ACM},
	address = {New York, NY, USA},
}

@inproceedings{smprevirt,
	author = {Dunlap, George W. and Lucchetti, Dominic G. and Fetterman, Michael A. and Chen, Peter M.},
	title = {Execution replay of multiprocessor virtual machines},
	booktitle = {VEE '08: Proceedings of the fourth ACM SIGPLAN/SIGOPS international conference on Virtual execution environments},
	year = {2008},
	isbn = {978-1-59593-796-4},
	pages = {121--130},
	location = {Seattle, WA, USA},
	doi = {http://doi.acm.org/10.1145/1346256.1346273},
	publisher = {ACM},
	address = {New York, NY, USA},
}

@inproceedings{kendo,
	author = {Olszewski, Marek and Ansel, Jason and Amarasinghe, Saman},
	title = {Kendo: efficient deterministic multithreading in software},
	booktitle = {ASPLOS '09: Proceeding of the 14th international conference on Architectural support for programming languages and operating systems},
	year = {2009},
	isbn = {978-1-60558-406-5},
	pages = {97--108},
	location = {Washington, DC, USA},
	doi = {http://doi.acm.org/10.1145/1508244.1508256},
	publisher = {ACM},
	address = {New York, NY, USA},
}

@inproceedings{strata,
	author = {Narayanasamy, Satish and Pereira, Cristiano and Calder, Brad},
	title = {Recording shared memory dependencies using strata},
	booktitle = {ASPLOS '06: Proceedings of the 12th international conference on Architectural support for programming languages and operating systems},
	year = {2006},
	isbn = {1-59593-451-0},
	pages = {229--240},
	location = {San Jose, California, USA},
	doi = {http://doi.acm.org/10.1145/1168857.1168886},
	publisher = {ACM},
	address = {New York, NY, USA},
}

@article{instantreplay,
	author={Leblanc, T.J. and Mellor-Crummey, J.M.},
	journal={Computers, IEEE Transactions on},
	title={Debugging Parallel Programs with Instant Replay},
	year={1987},
	month={april },
	volume={C-36},
	number={4},
	pages={471 -482},
	keywords={CREW protocols;distributed debugging;execution replay;parallel programming;program instrumentation;shared objects;},
	doi={10.1109/TC.1987.1676929},
	ISSN={0018-9340},
}

@inproceedings{capo,
	author = {Montesinos, Pablo and Hicks, Matthew and King, Samuel T. and Torrellas, Josep},
	title = {Capo: a software-hardware interface for practical deterministic multiprocessor replay},
	booktitle = {ASPLOS '09: Proceeding of the 14th international conference on Architectural support for programming languages and operating systems},
	year = {2009},
	isbn = {978-1-60558-406-5},
	pages = {73--84},
	location = {Washington, DC, USA},
	doi = {http://doi.acm.org/10.1145/1508244.1508254},
	publisher = {ACM},
	address = {New York, NY, USA},
}

@article{rerun,
	author = {Hower, Derek R. and Hill, Mark D.},
	title = {Rerun: Exploiting Episodes for Lightweight Memory Race Recording},
	journal = {SIGARCH Comput. Archit. News},
	volume = {36},
	number = {3},
	year = {2008},
	issn = {0163-5964},
	pages = {265--276},
	doi = {http://doi.acm.org/10.1145/1394608.1382144},
	publisher = {ACM},
	address = {New York, NY, USA},
}

@inproceedings{DeLorean,
	author = {Montesinos, Pablo and Ceze, Luis and Torrellas, Josep},
	title = {DeLorean: Recording and Deterministically Replaying Shared-Memory Multiprocessor Execution Efficiently},
	booktitle = {ISCA '08: Proceedings of the 35th Annual International Symposium on Computer Architecture},
	year = {2008},
	isbn = {978-0-7695-3174-8},
	pages = {289--300},
	doi = {http://dx.doi.org/10.1109/ISCA.2008.36},
	publisher = {IEEE Computer Society},
	address = {Washington, DC, USA},
}

@article{rtr,
	author = {Xu, Min and Hill, Mark D. and Bodik, Rastislav},
	title = {A regulated transitive reduction (RTR) for longer memory race recording},
	journal = {SIGARCH Comput. Archit. News},
	volume = {34},
	number = {5},
	year = {2006},
	issn = {0163-5964},
	pages = {49--60},
	doi = {http://doi.acm.org/10.1145/1168919.1168865},
	publisher = {ACM},
	address = {New York, NY, USA},
}

@inproceedings{bugnet,
	author = {Narayanasamy, Satish and Pokam, Gilles and Calder, Brad},
	title = {BugNet: Continuously Recording Program Execution for Deterministic Replay Debugging},
	booktitle = {ISCA '05: Proceedings of the 32nd Annual International Symposium on Computer Architecture},
	year = {2005},
	isbn = {0-7695-2270-X},
	pages = {284--295},
	doi = {http://dx.doi.org/10.1109/ISCA.2005.16},
	publisher = {IEEE Computer Society},
	address = {Washington, DC, USA},
}

@article{flightrecorder,
	author = {Xu, Min and Bodik, Rastislav and Hill, Mark D.},
	title = {A ``flight data recorder'' for enabling full-system multiprocessor deterministic replay},
	journal = {SIGARCH Comput. Archit. News},
	volume = {31},
	number = {2},
	year = {2003},
	issn = {0163-5964},
	pages = {122--135},
	doi = {http://doi.acm.org/10.1145/871656.859633},
	publisher = {ACM},
	address = {New York, NY, USA},
}

@article{revirt,
	author = {Dunlap, George W. and King, Samuel T. and Cinar, Sukru and Basrai, Murtaza A. and Chen, Peter M.},
	title = {ReVirt: enabling intrusion analysis through virtual-machine logging and replay},
	journal = {SIGOPS Oper. Syst. Rev.},
	volume = {36},
	number = {SI},
	year = {2002},
	issn = {0163-5980},
	pages = {211--224},
	doi = {http://doi.acm.org/10.1145/844128.844148},
	publisher = {ACM},
	address = {New York, NY, USA},
}

@inproceedings{timetravel,
	author = {King, Samuel T. and Dunlap, George W. and Chen, Peter M.},
	title = {Debugging operating systems with time-traveling virtual machines},
	booktitle = {ATEC '05: Proceedings of the annual conference on USENIX Annual Technical Conference},
	year = {2005},
	pages = {1--1},
	location = {Anaheim, CA},
	publisher = {USENIX Association},
	address = {Berkeley, CA, USA},
}


@inproceedings{chess,
	author = {Madanlal Musuvathi and Shaz Qadeer and Thomas Ball and G\E9rard Basler and Piramanayagam Arumuga Nainar and Iulian Neamtiu},
	booktitle = {OSDI '08: Proceedings of the 8th conference on Symposium on Operating Systems Design \& Implementation},
	pages = {267-280},
	publisher = {USENIX Association},
	title = {Finding and Reproducing Heisenbugs in Concurrent Programs.},
	year = 2008,
	date = {2009-01-07}
}

@inproceedings{pct,
	author    = {Sebastian Burckhardt and
		Pravesh Kothari and
			Madanlal Musuvathi and
			Santosh Nagarakatte},
	title     = {A randomized scheduler with probabilistic guarantees of
		finding bugs},
	booktitle = {ASPLOS '10: Proceeding of the 15th international conference on Architectural support for programming languages and operating systems},
	year      = {2010},
	pages     = {167-178},
	ee        = {http://doi.acm.org/10.1145/1736020.1736040},
	bibsource = {DBLP, http://dblp.uni-trier.de}
}

@inproceedings{ctrigger,
	author = {Park, Soyeon and Lu, Shan and Zhou, Yuanyuan},
	title = {CTrigger: exposing atomicity violation bugs from their hiding places},
	booktitle = {ASPLOS '09: Proceeding of the 14th international conference on Architectural support for programming languages and operating systems},
	year = {2009},
	isbn = {978-1-60558-406-5},
	pages = {25--36},
	location = {Washington, DC, USA},
	doi = {http://doi.acm.org/10.1145/1508244.1508249},
	publisher = {ACM},
	address = {New York, NY, USA},
}

@inproceedings{retrace,
    author = {Xu, Min and Malyugin, Vyacheslav and Sheldon, Jeffrey and Venkitachalam, Ganesh and Weissman, Boris},
    booktitle = {In Proceedings of the 3rd Annual Workshop on Modeling, Benchmarking and Simulation, MoBS},
    citeulike-article-id = {6488200},
    citeulike-linkout-0 = {http://citeseerx.ist.psu.edu/viewdoc/summary?doi=10.1.1.84.5732},
    keywords = {debug, tool, vm},
    posted-at = {2010-01-05 16:25:25},
    priority = {2},
    title = {Retrace: Collecting execution trace with virtual machine deterministic replay},
    url = {http://citeseerx.ist.psu.edu/viewdoc/summary?doi=10.1.1.84.5732},
    volume = {3},
    year = {2007}
}

@inproceedings{odr,
	author = {Altekar, Gautam and Stoica, Ion},
	title = {ODR: output-deterministic replay for multicore debugging},
	booktitle = {SOSP '09: Proceedings of the ACM SIGOPS 22nd Symposium on Operating Systems Principles},
	year = {2009},
	isbn = {978-1-60558-752-3},
	pages = {193--206},
	location = {Big Sky, Montana, USA},
	doi = {http://doi.acm.org/10.1145/1629575.1629594},
	publisher = {ACM},
	address = {New York, NY, USA},
}

@inproceedings{txlinux,
	author = {Rossbach, Christopher J. and Hofmann, Owen S. and Porter, Donald E. and Ramadan, Hany E. and Aditya, Bhandari and Witchel, Emmett},
	title = {TxLinux: using and managing hardware transactional memory in an operating system},
	booktitle = {SOSP '07: Proceedings of 21st ACM SIGOPS Symposium on Operating Systems Principles},
	year = {2007},
	isbn = {978-1-59593-591-5},
	pages = {87--102},
	location = {Stevenson, Washington, USA},
	doi = {http://doi.acm.org/10.1145/1294261.1294271},
	publisher = {ACM},
	address = {New York, NY, USA},
}

@inproceedings{ostrans,
	author = {Porter, Donald E. and Hofmann, Owen S. and Rossbach, Christopher J. and Benn, Alexander and Witchel, Emmett},
	title = {Operating System Transactions},
	booktitle = {SOSP '09: Proceedings of the ACM SIGOPS 22nd Symposium on Operating Systems Principles},
	year = {2009},
	isbn = {978-1-60558-752-3},
	pages = {161--176},
	location = {Big Sky, Montana, USA},
	doi = {http://doi.acm.org/10.1145/1629575.1629591},
	publisher = {ACM},
	address = {New York, NY, USA},
}

@inproceedings{transactional_memory,
	author={Herlihy, M. and Eliot, J. and Moss, B.},
	booktitle={Computer Architecture, 1993., Proceedings of the 20th Annual International Symposium on}, title={Transactional Memory: Architectural Support For Lock-free Data Structures},
	year={1993},
	month={16-19},
	volume={},
	number={},
	pages={289 -300},
	keywords={},
	doi={},
	ISSN={},
}

@inproceedings{execution_filters,
	author = {Jingyue Wu and Heming Cui and Junfeng Yang},
	title = {Bypassing Races in Live Applications with Execution Filters},
	year = {2010},
	booktitle = {OSDI '10: Proceedings of the Ninth Symposium on Operating Systems Design and Implementation (to appear)},
}

@inproceedings{schedule_memoization,
	author = {Heming Cui and Jingyue Wu and Junfeng Yang},
	title = {Stable Deterministic Multithreading Through Schedule Memoization},
	year = {2010},
	booktitle = {OSDI '10: Proceedings of the Ninth Symposium on Operating Systems Design and Implementation (to appear)},
}

@inproceedings{determinator,
	author = {Amittai Aviram and Shu-Chun Weng and Sen Hu and Bryan Ford},
	title = {Efficient System-Enforced Deterministic Parallelism},
	year = {2010},
	booktitle = {OSDI '10: Proceedings of the Ninth Symposium on Operating Systems Design and Implementation (to appear)},
}

@article{concurrency_bug_characteristics,
	author = {Lu, Shan and Park, Soyeon and Seo, Eunsoo and Zhou, Yuanyuan},
	title = {Learning from mistakes: a comprehensive study on real world concurrency bug characteristics},
	journal = {SIGARCH Comput. Archit. News},
	volume = {36},
	number = {1},
	year = {2008},
	issn = {0163-5964},
	pages = {329--339},
	doi = {http://doi.acm.org/10.1145/1353534.1346323},
	publisher = {ACM},
	address = {New York, NY, USA},
}

@misc{ intelRefManual3B,
	TITLE = "Intel 64 and {I}{A}-32 Architectures Software Developer's Manual Volume 3{B}: {S}ystem Programming Guide Part 2",
	howpublished = "\\{\tt http://www.intel.com/products/processor/manuals/}",
	key = "Intel\AE 64 and {I}{A}-32 Architectures Software Developer's Manual Volume 3{B}: {S}ystem Programming Guide Part 2"
}

@inproceedings{xiong:adhoc:osdi10,
  author = "Weiwei Xiong and Soyeon Park and Jiaqi Zhang and Yuanyuan Zhou and Zhiqiang Ma",
  title = {Ad Hoc Synchronization Considered Harmful},
  booktitle = {9th USENIX Symposium on Operating Systems Design and Implementation},
  year = {2010},
  location = {Vancouver, BC, Canada},
  publisher = {USENIX Association},
  address = {Berkeley, CA, USA},
}

@inproceedings{musuvathi:icb:pldi07,
  author = {Musuvathi, Madanlal and Qadeer, Shaz},
  title = {Iterative context bounding for systematic testing of multithreaded programs},
  booktitle = {Proceedings of the 2007 ACM SIGPLAN conference on Programming language design and implementation},
  series = {PLDI '07},
  year = {2007},
  isbn = {978-1-59593-633-2},
  location = {San Diego, California, USA},
  pages = {446--455},
  numpages = {10},
  url = {http://doi.acm.org/10.1145/1250734.1250785},
  doi = {http://doi.acm.org/10.1145/1250734.1250785},
  acmid = {1250785},
  publisher = {ACM},
  address = {New York, NY, USA},
  keywords = {concurrency, context-bounding, model checking, multithreading, partial-order reduction, shared-memory programs, software testing},
}

@inproceedings{lu:learning_from_mistakes:asplos08,
  author = {Lu, Shan and Park, Soyeon and Seo, Eunsoo and Zhou, Yuanyuan},
  title = {Learning from mistakes: a comprehensive study on real world concurrency bug characteristics},
  booktitle = {Proceedings of the 13th international conference on Architectural support for programming languages and operating systems},
  series = {ASPLOS XIII},
  year = {2008},
  isbn = {978-1-59593-958-6},
  location = {Seattle, WA, USA},
  pages = {329--339},
  numpages = {11},
  url = {http://doi.acm.org/10.1145/1346281.1346323},
  doi = {http://doi.acm.org/10.1145/1346281.1346323},
  acmid = {1346323},
  publisher = {ACM},
  address = {New York, NY, USA},
  keywords = {bug characteristics, concurrency bug, concurrent program},
}

@techreport{andersen94programanalysis,
  author = {Lars Ole Andersen},
  title = {Program Analysis and Specialization for the {C} Programming Language},
  institution = {},
  year = {1994}
}

@article{lhotak:alias:tosem08,
  author = {Lhot\'{a}k, Ond\v{r}ej and Hendren, Laurie},
  title = {Evaluating the benefits of context-sensitive points-to analysis using a BDD-based implementation},
  journal = {ACM Trans. Softw. Eng. Methodol.},
  volume = {18},
  issue = {1},
  month = {October},
  year = {2008},
  issn = {1049-331X},
  pages = {3:1--3:53},
  articleno = {3},
  numpages = {53},
  url = {http://doi.acm.org/10.1145/1391984.1391987},
  doi = {http://doi.acm.org/10.1145/1391984.1391987},
  acmid = {1391987},
  publisher = {ACM},
  address = {New York, NY, USA},
  keywords = {Interprocedural program analysis, Java, binary decision diagrams, call graph construction, cast safety analysis, context sensitivity, points-to analysis},
}

@inproceedings{whaley:alias:pldi04,
  author = {Whaley, John and Lam, Monica S.},
  title = {Cloning-based context-sensitive pointer alias analysis using binary decision diagrams},
  booktitle = {Proceedings of the ACM SIGPLAN 2004 conference on Programming language design and implementation},
  series = {PLDI '04},
  year = {2004},
  isbn = {1-58113-807-5},
  location = {Washington DC, USA},
  pages = {131--144},
  numpages = {14},
  url = {http://doi.acm.org/10.1145/996841.996859},
  doi = {http://doi.acm.org/10.1145/996841.996859},
  acmid = {996859},
  publisher = {ACM},
  address = {New York, NY, USA},
  keywords = {Datalog, Java, binary decision diagrams, cloning, context-sensitive, inclusion-based, logic programming, pointer analysis, program analysis, scalable},
}

@techreport{bruening:systematic_testing,
  author = {Derek Bruening and John Chapin},
  title = {Systematic Testing of Multithreaded Programs},
  institution = {LCS-TM-607, MIT/LCS},
  year = {2000}
}

@techreport{sen:permutations,
  author = {Sandeep Sen and Sorav Bansal},
  title = {Number of Permutations Required to Enumerate all Relative Orderings of all k-sized Subsets},
  institution = {IIT Delhi},
  year = {2010}
}

@inproceedings{elmas:goldilocks:pldi07,
  author = {Elmas, Tayfun and Qadeer, Shaz and Tasiran, Serdar},
  title = {Goldilocks: a race and transaction-aware java runtime},
  booktitle = {Proceedings of the 2007 ACM SIGPLAN conference on Programming language design and implementation},
  series = {PLDI '07},
  year = {2007},
  isbn = {978-1-59593-633-2},
  location = {San Diego, California, USA},
  pages = {245--255},
  numpages = {11},
  url = {http://doi.acm.org/10.1145/1250734.1250762},
  doi = {http://doi.acm.org/10.1145/1250734.1250762},
  acmid = {1250762},
  publisher = {ACM},
  address = {New York, NY, USA},
  keywords = {Java runtime, data-race detection, runtime monitoring, software transactions},
}

@article{savage:eraser:tcs97,
  author = {Savage, Stefan and Burrows, Michael and Nelson, Greg and Sobalvarro, Patrick and Anderson, Thomas},
  title = {Eraser: a dynamic data race detector for multithreaded programs},
  journal = {ACM Trans. Comput. Syst.},
  volume = {15},
  issue = {4},
  month = {November},
  year = {1997},
  issn = {0734-2071},
  pages = {391--411},
  numpages = {21},
  url = {http://doi.acm.org/10.1145/265924.265927},
  doi = {http://doi.acm.org/10.1145/265924.265927},
  acmid = {265927},
  publisher = {ACM},
  address = {New York, NY, USA},
  keywords = {binary code modification, multithreaded programming, race detection},
}

@inproceedings{yu:racetrack:sosp05,
  author = {Yu, Yuan and Rodeheffer, Tom and Chen, Wei},
  title = {RaceTrack: efficient detection of data race conditions via adaptive tracking},
  booktitle = {Proceedings of the twentieth ACM symposium on Operating systems principles},
  series = {SOSP '05},
  year = {2005},
  isbn = {1-59593-079-5},
  location = {Brighton, United Kingdom},
  pages = {221--234},
  numpages = {14},
  url = {http://doi.acm.org/10.1145/1095810.1095832},
  doi = {http://doi.acm.org/10.1145/1095810.1095832},
  acmid = {1095832},
  publisher = {ACM},
  address = {New York, NY, USA},
  keywords = {race detection, virtual machine instrumentation},
}

@inproceedings{apt:fairness:popl87,
  author = {Apt, K. R. and Francez, N. and Katz, S.},
  title = {Appraising fairness in distributed languages},
  booktitle = {Proceedings of the 14th ACM SIGACT-SIGPLAN symposium on Principles of programming languages},
  series = {POPL '87},
  year = {1987},
  isbn = {0-89791-215-2},
  location = {Munich, West Germany},
  pages = {189--198},
  numpages = {10},
  url = {http://doi.acm.org/10.1145/41625.41642},
  doi = {http://doi.acm.org/10.1145/41625.41642},
  acmid = {41642},
  publisher = {ACM},
  address = {New York, NY, USA},
}

@inproceedings{park:ctrigger:asplos09,
  author = {Park, Soyeon and Lu, Shan and Zhou, Yuanyuan},
  title = {CTrigger: exposing atomicity violation bugs from their hiding places},
  booktitle = {Proceeding of the 14th international conference on Architectural support for programming languages and operating systems},
  series = {ASPLOS '09},
  year = {2009},
  isbn = {978-1-60558-406-5},
  location = {Washington, DC, USA},
  pages = {25--36},
  numpages = {12},
  url = {http://doi.acm.org/10.1145/1508244.1508249},
  doi = {http://doi.acm.org/10.1145/1508244.1508249},
  acmid = {1508249},
  publisher = {ACM},
  address = {New York, NY, USA},
  keywords = {concurrency bug, software testing},
}

@inproceedings{naik:chord:pldi06,
  author = {Naik, Mayur and Aiken, Alex and Whaley, John},
  title = {Effective static race detection for Java},
  booktitle = {Proceedings of the 2006 ACM SIGPLAN conference on Programming language design and implementation},
  series = {PLDI '06},
  year = {2006},
  isbn = {1-59593-320-4},
  location = {Ottawa, Ontario, Canada},
  pages = {308--319},
  numpages = {12},
  url = {http://doi.acm.org/10.1145/1133981.1134018},
  doi = {http://doi.acm.org/10.1145/1133981.1134018},
  acmid = {1134018},
  publisher = {ACM},
  address = {New York, NY, USA},
  keywords = {Java, concurrency, multi-threading, static race detection, synchronization},
}

@inproceedings{sen:racefuzzer:pldi08,
  author = {Sen, Koushik},
  title = {Race directed random testing of concurrent programs},
  booktitle = {Proceedings of the 2008 ACM SIGPLAN conference on Programming language design and implementation},
  series = {PLDI '08},
  year = {2008},
  isbn = {978-1-59593-860-2},
  location = {Tucson, AZ, USA},
  pages = {11--21},
  numpages = {11},
  url = {http://doi.acm.org/10.1145/1375581.1375584},
  doi = {http://doi.acm.org/10.1145/1375581.1375584},
  acmid = {1375584},
  publisher = {ACM},
  address = {New York, NY, USA},
  keywords = {concurrency, dynamic analysis, race detection, random testing},
}

@inproceedings{joshi:deadlockfuzzer:pldi09,
  author = {Joshi, Pallavi and Park, Chang-Seo and Sen, Koushik and Naik, Mayur},
  title = {A randomized dynamic program analysis technique for detecting real deadlocks},
  booktitle = {Proceedings of the 2009 ACM SIGPLAN conference on Programming language design and implementation},
  series = {PLDI '09},
  year = {2009},
  isbn = {978-1-60558-392-1},
  location = {Dublin, Ireland},
  pages = {110--120},
  numpages = {11},
  url = {http://doi.acm.org/10.1145/1542476.1542489},
  doi = {http://doi.acm.org/10.1145/1542476.1542489},
  acmid = {1542489},
  publisher = {ACM},
  address = {New York, NY, USA},
  keywords = {active testing, concurrency, deadlock detection, dynamic program analysis},
}

@inproceedings{lu:avio:asplos06,
  author = {Lu, Shan and Tucek, Joseph and Qin, Feng and Zhou, Yuanyuan},
  title = {AVIO: detecting atomicity violations via access interleaving invariants},
  booktitle = {Proceedings of the 12th international conference on Architectural support for programming languages and operating systems},
  series = {ASPLOS-XII},
  year = {2006},
  isbn = {1-59593-451-0},
  location = {San Jose, California, USA},
  pages = {37--48},
  numpages = {12},
  url = {http://doi.acm.org/10.1145/1168857.1168864},
  doi = {http://doi.acm.org/10.1145/1168857.1168864},
  acmid = {1168864},
  publisher = {ACM},
  address = {New York, NY, USA},
  keywords = {atomicity violation, bug detection, concurrency bug, concurrent program, hardware support, program invariant},
}

@book{godefroid:verisoft:book96,
  author = {Godefroid, Patrice},
  editor = {Leeuwen, J. van and Hartmanis, J. and Goos, G.},
  title = {Partial-Order Methods for the Verification of Concurrent Systems: An Approach to the State-Explosion Problem},
  year = {1996},
  isbn = {3540607617},
  publisher = {Springer-Verlag New York, Inc.},
  address = {Secaucus, NJ, USA},
}

@inproceedings{stoller:modelcheck:spin00,
  author = {Stoller, Scott D.},
  title = {Model-Checking Multi-threaded Distributed Java Programs},
  booktitle = {Proceedings of the 7th International SPIN Workshop on SPIN Model Checking and Software Verification},
  year = {2000},
  isbn = {3-540-41030-9},
  pages = {224--244},
  numpages = {21},
  url = {http://portal.acm.org/citation.cfm?id=645880.672084},
  acmid = {672084},
  publisher = {Springer-Verlag},
  address = {London, UK},
}

@inproceedings{godefroid:verisoft:popl97,
  author = {Godefroid, Patrice},
  title = {Model checking for programming languages using {V}eri{S}oft},
  booktitle = {Proceedings of the 24th ACM SIGPLAN-SIGACT symposium on Principles of programming languages},
  series = {POPL '97},
  year = {1997},
  isbn = {0-89791-853-3},
  location = {Paris, France},
  pages = {174--186},
  numpages = {13},
  url = {http://doi.acm.org/10.1145/263699.263717},
  doi = {http://doi.acm.org/10.1145/263699.263717},
  acmid = {263717},
  publisher = {ACM},
  address = {New York, NY, USA},
}

@inproceedings{godefroid:verisoft:issta98,
  author = {Godefroid, Patrice and Hanmer, Robert S. and Jagadeesan, Lalita Jategaonkar},
  title = {Model checking without a model: an analysis of the heart-beat monitor of a telephone switch using {V}eri{S}oft},
  booktitle = {Proceedings of the 1998 ACM SIGSOFT international symposium on Software testing and analysis},
  series = {ISSTA '98},
  year = {1998},
  isbn = {0-89791-971-8},
  location = {Clearwater Beach, Florida, United States},
  pages = {124--133},
  numpages = {10},
  url = {http://doi.acm.org/10.1145/271771.271800},
  doi = {http://doi.acm.org/10.1145/271771.271800},
  acmid = {271800},
  publisher = {ACM},
  address = {New York, NY, USA},
}

@inproceedings{chiba:javassist:oopsla98,
  author = {Chiba, Shigeru},
  title = {Javassist --- a reflection-based programming wizard for Java},
  booktitle = {Proceedings of the ACM OOPSLA'98 Workshop on Reflective Programming in C++ and Java},
  series = {OOPSLA '98},
  year = {1998},
}

@inproceedings{burckhardt:pct:asplos10,
  author = {Burckhardt, Sebastian and Kothari, Pravesh and Musuvathi, Madanlal and Nagarakatte, Santosh},
  title = {A randomized scheduler with probabilistic guarantees of finding bugs},
  booktitle = {Proceedings of the fifteenth edition of ASPLOS on Architectural support for programming languages and operating systems},
  series = {ASPLOS '10},
  year = {2010},
  isbn = {978-1-60558-839-1},
  location = {Pittsburgh, Pennsylvania, USA},
  pages = {167--178},
  numpages = {12},
  url = {http://doi.acm.org/10.1145/1736020.1736040},
  doi = {http://doi.acm.org/10.1145/1736020.1736040},
  acmid = {1736040},
  publisher = {ACM},
  address = {New York, NY, USA},
  keywords = {concurrency, race conditions, randomized algorithms, testing},
}

@article{bessey:coverity:acmcomm10,
  author = {Bessey, Al and Block, Ken and Chelf, Ben and Chou, Andy and Fulton, Bryan and Hallem, Seth and Henri-Gros, Charles and Kamsky, Asya and McPeak, Scott and Engler, Dawson},
  title = {A few billion lines of code later: using static analysis to find bugs in the real world},
  journal = {Commun. ACM},
  volume = {53},
  issue = {2},
  month = {February},
  year = {2010},
  issn = {0001-0782},
  pages = {66--75},
  numpages = {10},
  url = {http://doi.acm.org/10.1145/1646353.1646374},
  doi = {http://doi.acm.org/10.1145/1646353.1646374},
  acmid = {1646374},
  publisher = {ACM},
  address = {New York, NY, USA},
}

@inproceedings{visser:pathfinder:issta04,
  author = {Visser, Willem and P\v{a}s\v{a}reanu, Corina S. and Khurshid, Sarfraz},
  title = {Test input generation with java PathFinder},
  booktitle = {Proceedings of the 2004 ACM SIGSOFT international symposium on Software testing and analysis},
  series = {ISSTA '04},
  year = {2004},
  isbn = {1-58113-820-2},
  location = {Boston, Massachusetts, USA},
  pages = {97--107},
  numpages = {11},
  url = {http://doi.acm.org/10.1145/1007512.1007526},
  doi = {http://doi.acm.org/10.1145/1007512.1007526},
  acmid = {1007526},
  publisher = {ACM},
  address = {New York, NY, USA},
  keywords = {coverage, model checking, red-black trees, symbolic execution, testing object-oriented programs},
}

@inproceedings{khurshid:pathfinder:tacas03,
  author = {Khurshid, Sarfraz and P\u{a}s\u{a}reanu, Corina S. and Visser, Willem},
  title = {Generalized symbolic execution for model checking and testing},
  booktitle = {Proceedings of the 9th international conference on Tools and algorithms for the construction and analysis of systems},
  series = {TACAS'03},
  year = {2003},
  isbn = {3-540-00898-5},
  location = {Warsaw, Poland},
  pages = {553--568},
  numpages = {16},
  url = {http://portal.acm.org/citation.cfm?id=1765871.1765924},
  acmid = {1765924},
  publisher = {Springer-Verlag},
  address = {Berlin, Heidelberg},
}

@inproceedings{marino:literace:pldi09,
  author = {Marino, Daniel and Musuvathi, Madanlal and Narayanasamy, Satish},
  title = {LiteRace: effective sampling for lightweight data-race detection},
  booktitle = {Proceedings of the 2009 ACM SIGPLAN conference on Programming language design and implementation},
  series = {PLDI '09},
  year = {2009},
  isbn = {978-1-60558-392-1},
  location = {Dublin, Ireland},
  pages = {134--143},
  numpages = {10},
  url = {http://doi.acm.org/10.1145/1542476.1542491},
  doi = {http://doi.acm.org/10.1145/1542476.1542491},
  acmid = {1542491},
  publisher = {ACM},
  address = {New York, NY, USA},
  keywords = {concurrency bugs, dynamic data race detection, sampling},
}

@article{eytani:concbench:jconcom06,
  author= {Yaniv Eytani and Klaus Havelund and Scott D. Stoller and Shmuel Ur},
  title= {Toward a Framework and Benchmark for Testing Tools for Multi-Threaded Programs},
  journal = {Concurrency and Computation: Practice \& Experience},
  year =  2006,
  volume = 19,
  number=3,
  pages = {267-279}
}

@INPROCEEDINGS{shadowdrivers,
  author = {Michael M. Swift and Muthukaruppan Annamalai and Brian N. Bershad and Henry M. Levy},
  title = {Recovering Device Drivers},
  booktitle = {IN OSDI},
  year = {2004},
  pages = {1--16},
  publisher = {}
}

@MISC{tandem,
  author = {Joel Bartlett and Jim Gray and Bob Horst},
  title = {Fault Tolerance In Tandem Computer Systems},
  year = {1986}
}

@article{raid,
  author = {Patterson, David A. and Gibson, Garth and Katz, Randy H.},
  title = {A case for redundant arrays of inexpensive disks (RAID)},
  journal = {SIGMOD Rec.},
  volume = {17},
  issue = {3},
  month = {June},
  year = {1988},
  issn = {0163-5808},
  pages = {109--116},
  numpages = {8},
  url = {http://doi.acm.org/10.1145/971701.50214},
  doi = {http://doi.acm.org/10.1145/971701.50214},
  acmid = {50214},
  publisher = {ACM},
  address = {New York, NY, USA},
} 

@inproceedings{klee,
  author    = {Cristian Cadar and
    Daniel Dunbar and
      Dawson R. Engler},
  title     = {KLEE: Unassisted and Automatic Generation of High-Coverage
    Tests for Complex Systems Programs},
  booktitle = {OSDI},
  year      = {2008},
  pages     = {209-224},
}

@INPROCEEDINGS{ doubleplay,
      AUTHOR = "Kaushik Veeraraghavan and Dongyoon Lee and Benjamin Wester and Jessica Ouyang and Peter M. Chen and Jason Flinn and Satish Narayanasamy",
      TITLE = "DoublePlay: parallelizing sequential logging and replay.",
      booktitle = "ASPLOS'11",
      PAGES = {15-26},
      YEAR = {2011} 
}

@MISC{kvm,
  author = {Qumranet},
  title = {{K}{V}{M}: {K}ernel-based {V}irtualization {D}river White Paper},
  year = {2006}
}

@misc{qcow2,
	TITLE = "Qcow2 Virtual Disk Image Format",
  howpublished = "\\{\tt http://www.linux-kvm.org/page/Qcow2}",
	key = "Qcow2 Virtual Disk Image Format",
}

@INPROCEEDINGS{recoverybox,
  author = {Mary Baker and Mark Sullivan},
  title = {The Recovery Box: Using Fast Recovery to Provide High Availability in the UNIX Environment},
  booktitle = {In Proceedings USENIX Summer Conference},
  year = {1992},
  pages = {31--43}
}

@INPROCEEDINGS{xsyncfs,
  author = {Edmund B. Nightingale and Kaushik Veeraraghavan and Peter M. Chen and Jason Flinn},
  title = {Rethink the sync},
  booktitle = {In Proc. OSDI},
  year = {2006},
  pages = {1--14}
}

@misc{chronicle,
	TITLE = "{C}hronicle {R}ecorder: {V}algrind-based complete, indexed recording of process execution",
  howpublished = "\\{\tt http://code.google.com/p/chronicle-recorder/}",
	key = "{C}hronicle {R}ecorder: {V}algrind-based complete, indexed recording of process execution",
}

@article{valgrind,
 author = {Nethercote, Nicholas and Seward, Julian},
 title = {Valgrind: a framework for heavyweight dynamic binary instrumentation},
 journal = {SIGPLAN Not.},
 volume = {42},
 number = {6},
 month = jun,
 year = {2007},
 pages = {89--100},
 numpages = {12},
} 


@misc{vmware_ha,
	TITLE = "{V}{M}ware {H}igh {A}vailability",
  howpublished = "\\{\tt http://www.vmware.com/files/pdf/VMware-High-Availability-DS-EN.pdf}",
	key = "VMware High Availability",
}

@misc{agesen_vmm_benchmarking,
  TITLE = "Performance Aspects of x86 Virtualization by {O}le {A}gesen",
  howpublished = "\\{\tt http://www.vmworld.com/docs/DOC-2476}",
  key = "Performance Aspects of x86 Virtualization by {O}le {A}gesen",
}

@article{embedded_virtualization,
  author = "Gernot Heiser",
  YEAR = {2008},
  title = "The role of virtualization in embedded systems",
  booktitle = "Proceedings of the 1st Workshop on Isolation and Integration in Embedded
    Systems (IIES '08)",
}

@misc{freescale_embedded_hyperv,
  howpublished="P4 Series Communications Platform",
  title="Freescale {S}emiconductor. {F}reescale's Embedded Hypervisor for QorIQTM",
  YEAR="Rev 1, Oct. 2008"
}

@misc{hwassists_hyperv,
  YEAR="Rev 0, Aug. 2009",
  title="Freescale {S}emiconductor. {H}ardware and Software Assists in Virtualization"
}

@misc{pvpower,
  title="{P}aravirtual Extensions to {L}inux for {P}ower {A}rchitecture Virtualization",
  howpublished="\\{\tt http://svn.dd-wrt.com/browser/src/\\linux/pb42/linux-3.2/Documentation/\\virtual/kvm/ppc-pv.txt?rev=18112}"
}

@misc{KVM_on_embedded_Power,
  title="{K}{V}{M} on {E}mbedded {P}ower {A}rchitecture {P}latforms",
  author="Stuart Yoder",
  howpublished="\\{\tt http://www.linux-kvm.org/wiki/images/c/c2/\\2011-forum-embedded-power.pdf}"
}

@misc{ePAPR,
  title="{P}ower.org {S}tandard for {E}mbedded {P}ower {A}rchitecture {P}latform {R}equirements (e{P}{A}{P}{R}) version 1.1",
  howpublished="\\{\tt https://www.power.org/resources/\\downloads/Power\_ePAPR\_APPROVED\_v1.1.pdf}"
}

@inproceedings{lmbench,
 author = {McVoy, Larry and Staelin, Carl},
 title = {lmbench: portable tools for performance analysis},
 booktitle = {Proceedings of the 1996 annual conference on USENIX Annual Technical Conference},
 series = {ATEC '96},
 year = {1996},
 location = {San Diego, CA},
 pages = {23--23},
 numpages = {1},
 url = {http://dl.acm.org/citation.cfm?id=1268299.1268322},
 acmid = {1268322},
 publisher = {USENIX Association},
 address = {Berkeley, CA, USA},
} 

